<record><leader>00000cas a22000007a 4500</leader><controlfield tag="001">18670367</controlfield><controlfield tag="008">881026d18901897nyudn ne      0    0eng d</controlfield><datafield ind1=" " ind2=" " tag="010"><subfield code="a">sn 88074834 </subfield></datafield><datafield ind1=" " ind2=" " tag="040"><subfield code="a">NYS</subfield><subfield code="b">eng</subfield><subfield code="c">NYS</subfield><subfield code="d">OCLCQ</subfield></datafield><datafield ind1=" " ind2=" " tag="042"><subfield code="a">msc</subfield></datafield><datafield ind1="0" ind2=" " tag="130"><subfield code="a">Daily standard (Gloversville, N.Y. : 1890)</subfield></datafield><datafield ind1="1" ind2="4" tag="245"><subfield code="a">The daily standard.</subfield></datafield><datafield ind1=" " ind2=" " tag="260"><subfield code="a">Gloversville, N.Y. :</subfield><subfield code="b">[Ross &amp; Hill]</subfield></datafield><datafield ind1=" " ind2=" " tag="300"><subfield code="a">v.</subfield></datafield><datafield ind1=" " ind2=" " tag="310"><subfield code="a">Daily (except Sunday),</subfield><subfield code="b">&lt;Oct. 30, 1896&gt;-</subfield></datafield><datafield ind1=" " ind2=" " tag="321"><subfield code="a">Daily,</subfield><subfield code="b">&lt;Dec. 2, 1890&gt;</subfield></datafield><datafield ind1="1" ind2=" " tag="362"><subfield code="a">Began in 1890; ceased in 1897?</subfield></datafield><datafield ind1=" " ind2=" " tag="588"><subfield code="a">Description based on: Vol. 1, no. 2 (Dec. 2, 1890).</subfield></datafield><datafield ind1=" " ind2="4" tag="651"><subfield code="a">Gloversville (N.Y.)</subfield><subfield code="v">Newspapers.</subfield></datafield><datafield ind1=" " ind2="4" tag="651"><subfield code="a">Fulton County (N.Y.)</subfield><subfield code="v">Newspapers.</subfield></datafield><datafield ind1=" " ind2=" " tag="752"><subfield code="a">United States</subfield><subfield code="b">New York</subfield><subfield code="c">Fulton</subfield><subfield code="d">Gloversville.</subfield></datafield><datafield ind1="0" ind2=" " tag="775"><subfield code="t">Weekly standard (Gloversville, N.Y.)</subfield></datafield><datafield ind1="1" ind2=" " tag="029"><subfield code="a">AU@</subfield><subfield code="b">000020538330</subfield></datafield></record>